%  you will need to comment out the \bibliography{P52} line in your P52.tex file

@inproceedings{C24_adassxxxii,
        title = {Data management and execution systems for the Rubin Observatory Science Pipelines},
     author   = {{Lust}, Nate et al},
    booktitle = {ADASS XXXII},
         year = 2023,
       editor = {{Gaudet}, S. and {Gwyn}, S. and {Dowler}, P. and {Bohlender}, D. and {Hincks}, A.},
   volume     = {TBD},
   series     = {ASP Conf. Ser.},
    pages     = {999 TBD},
    publisher = “ASP”,
      address = {San Francisco},
}

@inproceedings{I08_adassxxxii,
   title = {Software Architecture and System Design of Rubin Observatory},
 author   = {{O’Mullane}, William et al},
 booktitle = {ADASS XXXII},
    year = 2023,
   editor = {{Gaudet}, S. and {Gwyn}, S. and {Dowler}, P. and {Bohlender}, D. and {Hincks}, A.},
   volume     = {TBD},
   series     = {ASP Conf. Ser.},
    pages     = {999 TBD},
 publisher = “ASP”,
  address = {San Francisco},
}

@misc{RTN-039,
  title = {Compute Resource Usage of DP0.2 Production Run},
  author = { Brian Yanny and Nikolay Kuropatkin and Huan Lin and Jennifer Adelman-McCarthy and Colin Slater and Hsin-Fang Chiang},
  type         = {{Rubin Technical Note}},
  handle       = {RTN-039},
  month        = sep,
  year         = 2022,
  publisher = {{Vera C. Rubin Observatory }},
  url = {https://rtn-039.lsst.io/} }
}
